
@ONLINE{Swarmwiki,
author = "Wikipedia",
title = "Swarm robotica",
url = "https://en.wikipedia.org/wiki/Swarm\_robotics"
}

@manual{swarmintelligence,
    organization  = "D.A. Aleksandar Jevtic",
    title         = "Swarm Intelligence and Its Applications in Swarm Robotics",
    year          = 2015,
    month         = 1 ,    
    note          = "Vertrouwlijk"
}


@ONLINE{soundonmars,
author = "Amanda D Hanford",
title = "Computer simulations of progagation of sound on Mars",
url = "http://acoustics.org/pressroom/httpdocs/151st/Hanford.html"
}

@manual{lidarmars,
    organization  = "James Whiteway",
    title         = "Lidar on the Phoenix mission to Mars",
    year          = 2008,
    month         = 6 ,    
    note          = "Vertrouwlijk"
}



@ONLINE{I2Cbus,
author = "unknow author",
title = "I2C - What's that?",
url = "http://www.i2c-bus.org/"
}

@manual{WMN1,
    organization  = "Georgia institute of technology",
    title         = "A Survey on Wireless Mesh Networks",
    year          = 2005,
    month         = 9 ,    
    note          = ""
}

@manual{WMN2,
    organization  = "State University of New York at Stony Brook",
    title         = "Design and Evaluation of iMesh: an Infrastructure-mode Wireless Mesh Network",
    year          = 2005,
    month         = 1,    
    note          = ""
}

@ONLINE{meshnetworking,
author = "Wikipedia",
title = "Mesh networking",
url = "https://en.wikipedia.org/wiki/Mesh\_networking"
}

@ONLINE{wirelessadhocnetwork,
author = "Wikipedia",
title = "Mesh networking",
url = "https://en.wikipedia.org/wiki/Wireless\_ad\_hoc\_network"
}


@manual{SPB,
    organization  = "M. Seaman",
    title         = "Shortest Path Bridging",
    year          = 2005,
    month         = 3,    
    note          = ""
}

@manual{position-based,
    organization  = "University of Ottowa and Universidad Nacional Autonoma de Mexico",
    title         = "Position-Based Routing in Ad Hoc Networks",
    year          = 2002,
    month         = 6,    
    note          = ""
}